2573 3591
552 262 685 311 Nam
686 263 898 311 miranda
917 243 1121 318 canunt,'
1135 265 1210 312 sed
1240 280 1330 311 non
1361 266 1597 321 credenda
1589 264 1791 328 vosne

755 395 762 415 5

1258 413 1322 455 19.

552 520 669 565 Inter
703 522 918 581 convivas
954 521 1019 567 sac
1053 523 1110 567 sis
1143 537 1348 567 sermone
1381 521 1626 575 modestu5,.

551 593 623 639 Ne
656 594 798 640 dicare
833 594 1006 655 loquax,
1040 611 1136 639 cum
1173 596 1238 639 vis
1273 596 1458 640 urbanus
1491 596 1648 641 haberi.

1248 742 1315 774 20.

550 851 764 910 Coniugis
798 852 933 897 iratae
968 851 1057 896 noli
1093 842 1137 895 tu
1171 851 1300 896 verba
1335 852 1513 906 timere3
1666 910 1670 915 .

549 924 665 969 Nam
701 925 888 969 lacrimis
921 926 1044 968 struit
1079 925 1266 981 insidias,
1301 940 1399 969 cum
1434 924 1592 969 femina
1626 925 1778 985 plorat.

1245 1071 1315 1104 21.

549 1180 687 1228 Utere
720 1181 935 1242 quaesitis,
969 1179 1042 1226 sed
1077 1195 1131 1225 ne
1163 1178 1347 1226 videaris
1380 1179 1519 1226 abuti:

550 1256 641 1310 Qui
675 1271 749 1299 sua
784 1267 1055 1309 consumunt,
1089 1269 1188 1299 curn
1222 1254 1327 1308 dest,
1361 1253 1497 1299 aliena
1531 1265 1775 1314 sequuntur.

1245 1399 1313 1432 22.

546 1509 626 1557 Fac
659 1511 733 1557 tibi
768 1526 999 1571 proponas,
1035 1504 1223 1556 mortem
1257 1525 1345 1555 non
1379 1526 1474 1556 esse
1506 1509 1756 1566 timendam,

546 1586 672 1640 Quae
707 1586 816 1630 bona
850 1586 884 1629 si
919 1600 1005 1628 non
1042 1595 1119 1639 est,
1153 1582 1252 1628 finis
1285 1595 1431 1629 tamen
1465 1583 1538 1629 illa
1573 1585 1788 1629 malorum
1814 1592 1898 1629 est.

1243 1731 1310 1778 23.

544 1842 707 1887 Uxoris
742 1842 945 1901 linguam,
979 1843 1013 1886 si
1048 1842 1166 1901 frugi
1203 1855 1281 1896 est,
1314 1842 1426 1887 ferre
1460 1854 1695 1897 memento,

543 1916 744 1975 Namque
779 1917 940 1960 malum
975 1928 1052 1973 est,
1086 1932 1174 1960 non
1207 1916 1320 1960 velle
1354 1917 1441 1976 pati
1475 1932 1553 1960 nec
1587 1932 1715 1974 posse
1746 1928 1898 1960 tacere.

1237 2062 1308 2104 24.

542 2174 699 2231 Aequa
732 2170 903 2229 diligito
936 2185 1060 2216 caros
1093 2172 1250 2230 pietate
1284 2183 1492 2231 parentes,

540 2244 634 2289 Nec
668 2256 850 2289 matrem
887 2243 1093 2299 offendaS,
1125 2244 1225 2289 dum
1261 2245 1326 2288 vis
1360 2245 1497 2289 bonus
1531 2260 1625 2290 esse
1658 2244 1842 2301 parenti.
