2573 3591
970 782 1501 834 DISTICHA.

1121 929 1308 988 LxssER
1339 929 1372 970 1.

1231 1111 1267 1143 1.

593 1233 637 1278 Si
670 1233 774 1280 deus
807 1246 871 1278 est
904 1234 1083 1288 animus,
1116 1234 1239 1279 nobis
1274 1245 1319 1278 ut
1352 1233 1540 1278 carmina
1574 1232 1732 1288 dicunt,

594 1307 675 1353 Hic
708 1307 782 1352 tibi
815 1307 1042 1368 praecipue
1074 1308 1127 1353 sit
1160 1323 1265 1368 pura
1297 1318 1442 1353 mente
1475 1306 1694 1352 colendus.

1226 1456 1266 1488 2.

593 1565 693 1608 Plus
727 1565 857 1625 vigila
891 1581 1061 1624 semper
1094 1581 1176 1608 neu
1211 1581 1368 1608 somno
1402 1565 1569 1608 deditus
1604 1577 1728 1614 esto;

593 1640 708 1684 Nam
743 1637 940 1684 diuturna
974 1639 1094 1699 quies
1126 1640 1244 1683 vitiis
1277 1639 1479 1695 alimenta
1512 1639 1736 1682 ministrat.

1229 1787 1265 1831 3.

597 1896 810 1941 Virtutem
845 1896 1028 1954 primam
1075 1910 1167 1939 esse
1212 1906 1313 1953 puta
1359 1910 1635 1953 compescere
1682 1895 1897 1953 linguam:

595 1970 821 2016 Proximus
854 1967 926 2014 ille
959 1968 1041 2016 deo
1075 1981 1152 2024 est,
1185 1969 1256 2030 qui
1289 1968 1369 2013 scit
1403 1968 1567 2014 ratione
1601 1979 1754 2014 tacere.

1228 2117 1267 2159 4.

594 2227 758 2286 Sperne
790 2224 1068 2286 repugnando
1101 2224 1175 2269 tibi
1208 2234 1253 2268 tu
1286 2223 1526 2268 contrarius
1560 2238 1677 2268 esse:

594 2300 836 2345 Conveniet
869 2296 1093 2358 nulli‚'qui
1126 2312 1273 2341 secum
1306 2295 1481 2341 dissidet
1513 2297 1615 2356 ipse.

1227 2445 1261 2502 5·

594 2561 637 2604 Si
672 2560 805 2603 vitam
838 2557 1039 2615 inspicias
1072 2555 1313 2608 hominum,
1346 2555 1381 2598 si
1413 2554 1596 2612 denique
1630 2568 1786 2604 mores,

593 2633 707 2679 Cum
739 2631 913 2692 culpant
945 2629 1067 2687 alios,
1101 2644 1233 2675 nemo
1265 2628 1358 2674 sine
1391 2628 1571 2674 crimine
1604 2626 1719 2670 vivit

1226 2765 1264 2808 6.

593 2893 720 2946 Quae
753 2891 952 2934 nocitura
983 2900 1118 2942 tenes,
1149 2887 1347 2946 quamvis
1391 2886 1476 2930 sint
1521 2899 1628 2938 cara,
1679 2885 1898 2944 relinque:

592 2963 766 3011 Utilitas
799 2962 952 3023 opibus
984 2960 1190 3021 praeponi
1225 2971 1422 3019 tempore
1454 2957 1594 3004 debet.

1226 3108 1264 3151 7.

594 3218 810 3263 Constans
842 3226 888 3263 et
920 3217 1042 3272 lenis,
1073 3228 1120 3261 ut
1152 3231 1218 3260 res
1251 3206 1506 3274 expostulat,
1539 3224 1659 3258 esto:

593 3291 886 3352 Temporibus
919 3306 1062 3354 mores
1094 3290 1264 3350 sapiens
1296 3288 1388 3333 sine
1420 3287 1599 3332 crimine
1632 3297 1779 3331 mutat.
