2573 3591
711 364 824 410 Cum
857 365 933 426 tibi
966 366 1052 411 sint
1085 367 1174 412 nati
1204 381 1293 412 nec
1320 381 1442 427 opes,
1472 376 1576 421 tunc
1604 366 1769 433 arripnit,
1796 355 1921 422 illos.⁴
2034 429 2038 433 ὓ
2193 424 2208 432 ν

704 439 885 495 Instrue,
916 453 1007 501 quo
1039 440 1212 501 possint
1243 440 1423 500 inopem
1456 438 1689 496 defendere
1717 434 1871 498 fitam,
1908 475 1913 495 3
1970 491 2002 496 .-
2022 444 2046 454 ““
2106 444 2111 450 ’
2174 468 2187 475 -
2204 450 2227 471 ’ἑ

1326 587 1397 633 29.

702 695 839 751 Quod
872 695 961 743 vile
993 708 1072 753 est,
1104 712 1268 757 carum,
1301 698 1426 760 quod,
1451 713 1618 754 carum„
1642 698 1729 745 vile
1761 710 1937 760 putato:

702 771 777 814 Sic
809 783 857 820 ,tu
891 785 973 816 nec
1006 773 1184 833 cupidus
1217 787 1296 817 nec
1330 788 1482 819 avarus
1513 773 1706 819 nosceris
1740 773 1828 819 ulli.

1330 921 1395 965 30.

700 1028 828 1082 Quae
861 1028 1033 1088 culpare
1065 1030 1194 1087 soles,
1229 1047 1278 1075 ea
1312 1043 1356 1075 tu
1390 1047 1445 1076 ne
1479 1031 1633 1078 feceris
1665 1033 1782 1091 ipse:

700 1100 851 1161 Turpe
885 1113 950 1147 est
982 1103 1156 1160 rectori,
1190 1118 1289 1149 cum
1324 1102 1448 1165 culpa
1480 1103 1708 1166 redarguat
1739 1105 1894 1166 ipsum.

1326 1251 1392 1295 3¹-

702 1344 839 1399 Quod
861 1347 1020 1392 iustum
1044 1361 1120 1402 est,
1143 1347 1293 1408 petit0‚
1317 1349 1387 1394 vel
1409 1349 1527 1410 quod
1542 1350 1736 1396 videatur
1751 1349 2010 1404 honestum<3

698 1419 815 1465 Nam
850 1419 1028 1466 stultum
1060 1434 1208 1482 petere
1253 1435 1331 1478 est,
1375 1422 1492 1487 quod
1536 1424 1673 1484 possit
1720 1423 1811 1470 iure
1856 1426 2014 1485 negari.

1325 1570 1392 1616 32.

698 1665 901 1722 Ignotum
937 1666 1010 1711 tibi
1046 1678 1091 1710 tu
1126 1668 1217 1712 noli
1252 1684 1518 1727 praeponere
1552 1671 1689 1714 notis:

697 1737 885 1798 Cognita
918 1738 1079 1785 iudicio
1113 1752 1325 1796 constant,
1357 1741 1576 1802 incognita
1609 1758 1720 1790 casu.

1331 1889 1396 1937 33·

701 1983 815 2028 Cum
848 1984 972 2029 dubia
1004 1985 1046 2028 in
1081 1986 1209 2029 certis
1243 1996 1437 2030 versetur
1472 1986 1558 2030 vita
1590 1986 1776 2044 periclis,

700 2057 785 2104 Pro
819 2056 941 2104 lucro
974 2057 1050 2104 tibi
1083 2074 1200 2120 pone
1234 2058 1365 2118 diem,
1399 2059 1660 2122 quicumque
1693 2071 1907 2124 sequetur.

1325 2209 1392 2256 34·

699 2305 886 2351 Vincere
919 2307 1023 2351 dum
1056 2308 1210 2367 possis,
1243 2306 1464 2352 interdum
1498 2308 1604 2353 cede
1638 2307 1800 2360 sodali:

698 2379 927 2440 Obsequio
962 2381 1170 2441 quoniam
1204 2380 1349 2426 dulces
1382 2380 1621 2426 retinentur
1653 2383 1791 2427 amici.

1324 2530 1391 2575 35·

698 2627 763 2670 Ne
797 2626 955 2679 dubita,
988 2641 1087 2670 cum
1122 2641 1277 2685 magna
1312 2640 1445 2686 petas,
1478 2627 1730 2686 impendere
1763 2643 1920 2687 parva:

698 2700 783 2743 His
817 2700 979 2745 etenim
1012 2699 1139 2745 rebus
1172 2701 1399 2759 coniungit
1431 2700 1580 2745 Gratia
1613 2703 1750 2746 datos.

1325 2837 1391 2894 36.

695 2947 837 2993 Litem
869 2945 1028 2992 inferre
1062 2962 1179 3001 cave,
1212 2961 1313 2994 cum
1346 2961 1434 3006 quo
1469 2946 1544 2991 tibi
1575 2948 1712 3006 gratia
1744 2948 1888 2994 iuncta
1919 2960 2011 2994 est:

690 3021 756 3066 Ira
790 3019 942 3065 odium
976 3030 1166 3078 generat,
1200 3018 1434 3064 concordia
1467 3020 1602 3065 nutrit
1624 3035 1845 3066 amorem.

1324 3167 1390 3213 37·

691 3266 930 3311 Servorum
964 3263 1089 3325 culpa
1122 3280 1223 3310 cum
1257 3276 1299 3310 te
1332 3262 1459 3310 dolor
1493 3278 1618 3324 urget
1650 3265 1695 3311 in
1727 3266 1856 3322 iram,

690 3339 787 3400 Ipse
821 3339 897 3387 tibi
931 3337 1173 3399 moderare,
1207 3337 1290 3385 tuis
1323 3351 1369 3382 ut
1401 3352 1577 3399 parcere
1610 3339 1764 3400 possis,
