<?xml version="1.0" encoding="UTF-8"?>
<!DOCTYPE html PUBLIC "-//W3C//DTD XHTML 1.0 Transitional//EN"
    "http://www.w3.org/TR/xhtml1/DTD/xhtml1-transitional.dtd">
<html xmlns="http://www.w3.org/1999/xhtml" xml:lang="en" lang="en">
 <head>
  <title>
</title>
<meta http-equiv="Content-Type" content="text/html;charset=utf-8" />
  <meta name='ocr-system' content='tesseract 3.04.00' />
  <meta name='ocr-capabilities' content='ocr_page ocr_carea ocr_par ocr_line ocrx_word'/>
</head>
<body>
  <div class='ocr_page' id='page_1' title='image "4749257_0025.png"; bbox 0 0 2573 3591; ppageno 0'>
   <div class='ocr_carea' id='block_1_1' title="bbox 672 262 1526 332">
    <p class='ocr_par' dir='ltr' id='par_1_1' title="bbox 654 241 1526 332">
     <span class='ocr_line' id='line_1_1' title="bbox 672 262 1526 332; baseline -0.046 5.174"><span class='ocrx_word' id='word_1_1' title='bbox 672 278 676 286; x_wconf 76' lang='grc'><strong>’</strong></span> <span class='ocrx_word' id='word_1_2' title='bbox 703 262 907 332; x_wconf 61' lang='grc' dir='ltr'>’ῬΟῚῙθῖι</span> <span class='ocrx_word' id='word_1_3' title='bbox 937 277 1009 331; x_wconf 70' lang='lat' dir='ltr'>cm</span> <span class='ocrx_word' id='word_1_4' title='bbox 1041 274 1137 316; x_wconf 59' lang='lat' dir='ltr'>inm</span> <span class='ocrx_word' id='word_1_5' title='bbox 1152 274 1318 317; x_wconf 71' lang='lat' dir='ltr'>natura</span> <span class='ocrx_word' id='word_1_6' title='bbox 1346 263 1526 326; x_wconf 54' lang='lat' dir='ltr'>uagam</span> 
     </span>
    </p>
   </div>
   <div class='ocr_carea' id='block_1_2' title="bbox 438 386 1803 640">
    <p class='ocr_par' dir='ltr' id='par_1_2' title="bbox 438 386 1803 640">
     <span class='ocr_line' id='line_1_2' title="bbox 1221 386 1286 443; baseline 0 -1"><span class='ocrx_word' id='word_1_7' title='bbox 1221 386 1286 443; x_wconf 43' lang='lat'>10}</span> 
     </span>
     <span class='ocr_line' id='line_1_3' title="bbox 521 506 1803 568; baseline 0 -16"><span class='ocrx_word' id='word_1_8' title='bbox 521 506 603 553; x_wconf 88' lang='lat' dir='ltr'>Cui</span> <span class='ocrx_word' id='word_1_9' title='bbox 633 506 781 551; x_wconf 85' lang='lat' dir='ltr'>scieris</span> <span class='ocrx_word' id='word_1_10' title='bbox 813 521 901 551; x_wconf 87' lang='lat' dir='ltr'>non</span> <span class='ocrx_word' id='word_1_11' title='bbox 934 518 976 551; x_wconf 87' lang='lat' dir='ltr'>te</span> <span class='ocrx_word' id='word_1_12' title='bbox 1008 523 1102 552; x_wconf 87' lang='lat' dir='ltr'>esse</span> <span class='ocrx_word' id='word_1_13' title='bbox 1134 522 1297 567; x_wconf 89' lang='lat' dir='ltr'>parem,</span> <span class='ocrx_word' id='word_1_14' title='bbox 1329 522 1409 567; x_wconf 91' lang='lat' dir='ltr'>pro</span> <span class='ocrx_word' id='word_1_15' title='bbox 1443 519 1642 568; x_wconf 87' lang='lat' dir='ltr'>tempore</span> <span class='ocrx_word' id='word_1_16' title='bbox 1675 509 1803 553; x_wconf 84' lang='lat' dir='ltr'>cede:</span> 
     </span>
     <span class='ocr_line' id='line_1_4' title="bbox 438 569 1581 640; baseline 0.001 -16"><span class='ocrx_word' id='word_1_17' title='bbox 438 585 469 609; x_wconf 62' lang='lat'>2&#39;</span> <span class='ocrx_word' id='word_1_18' title='bbox 498 579 749 625; x_wconf 86' lang='lat' dir='ltr'>-Victorem</span> <span class='ocrx_word' id='word_1_19' title='bbox 781 595 808 624; x_wconf 86' lang='lat' dir='ltr'>a·</span> <span class='ocrx_word' id='word_1_20' title='bbox 836 580 954 624; x_wconf 89' lang='lat' dir='ltr'>victo</span> <span class='ocrx_word' id='word_1_21' title='bbox 987 569 1178 639; x_wconf 83' lang='lat' dir='ltr'>superari</span> <span class='ocrx_word' id='word_1_22' title='bbox 1210 595 1339 640; x_wconf 87' lang='lat' dir='ltr'>saepe</span> <span class='ocrx_word' id='word_1_23' title='bbox 1371 580 1581 626; x_wconf 88' lang='lat' dir='ltr'>videmus.</span> 
     </span>
    </p>
   </div>
   <div class='ocr_carea' id='block_1_3' title="bbox 1217 728 1283 759">
    <p class='ocr_par' dir='ltr' id='par_1_3' title="bbox 1217 728 1283 759">
     <span class='ocr_line' id='line_1_5' title="bbox 1217 728 1283 759; baseline -0.015 0"><span class='ocrx_word' id='word_1_24' title='bbox 1217 728 1283 759; x_wconf 87' lang='lat'>11.</span> 
     </span>
    </p>
   </div>
   <div class='ocr_carea' id='block_1_4' title="bbox 520 821 1658 941">
    <p class='ocr_par' dir='ltr' id='par_1_4' title="bbox 520 821 1658 941">
     <span class='ocr_line' id='line_1_6' title="bbox 524 821 1576 870; baseline 0 -1"><span class='ocrx_word' id='word_1_25' title='bbox 524 821 772 870; x_wconf 87' lang='lat' dir='ltr'>Adversum</span> <span class='ocrx_word' id='word_1_26' title='bbox 804 835 957 868; x_wconf 90' lang='lat' dir='ltr'>notum</span> <span class='ocrx_word' id='word_1_27' title='bbox 990 824 1082 869; x_wconf 92' lang='lat' dir='ltr'>noli</span> <span class='ocrx_word' id='word_1_28' title='bbox 1114 823 1376 869; x_wconf 84' lang='lat' dir='ltr'>contendere</span> <span class='ocrx_word' id='word_1_29' title='bbox 1408 822 1576 869; x_wconf 86' lang='lat' dir='ltr'>verbis:</span> 
     </span>
     <span class='ocr_line' id='line_1_7' title="bbox 520 895 1658 941; baseline 0 -1"><span class='ocrx_word' id='word_1_30' title='bbox 520 895 594 940; x_wconf 86' lang='lat' dir='ltr'>Lis</span> <span class='ocrx_word' id='word_1_31' title='bbox 627 896 769 940; x_wconf 87' lang='lat' dir='ltr'>verbis</span> <span class='ocrx_word' id='word_1_32' title='bbox 801 897 994 940; x_wconf 87' lang='lat' dir='ltr'>minimis</span> <span class='ocrx_word' id='word_1_33' title='bbox 1026 896 1242 941; x_wconf 90' lang='lat' dir='ltr'>interdum</span> <span class='ocrx_word' id='word_1_34' title='bbox 1275 897 1463 941; x_wconf 85' lang='lat' dir='ltr'>maxima</span> <span class='ocrx_word' id='word_1_35' title='bbox 1496 896 1658 940; x_wconf 89' lang='lat' dir='ltr'>crescit.</span> 
     </span>
    </p>
   </div>
   <div class='ocr_carea' id='block_1_5' title="bbox 1215 1043 1265 1075">
    <p class='ocr_par' dir='ltr' id='par_1_5' title="bbox 1215 1043 1265 1075">
     <span class='ocr_line' id='line_1_8' title="bbox 1215 1043 1265 1075; baseline 0 0"><span class='ocrx_word' id='word_1_36' title='bbox 1215 1043 1265 1075; x_wconf 92' lang='lat'>12</span> 
     </span>
    </p>
   </div>
   <div class='ocr_carea' id='block_1_6' title="bbox 487 1137 1590 1268">
    <p class='ocr_par' dir='ltr' id='par_1_6' title="bbox 487 1137 1590 1268">
     <span class='ocr_line' id='line_1_9' title="bbox 519 1137 1590 1202; baseline 0.002 -19"><span class='ocrx_word' id='word_1_37' title='bbox 519 1137 642 1194; x_wconf 87' lang='lat' dir='ltr'>Quid</span> <span class='ocrx_word' id='word_1_38' title='bbox 672 1138 1014 1195; x_wconf 15' lang='lat' dir='ltr'>deusiintendat,</span> <span class='ocrx_word' id='word_1_39' title='bbox 1048 1139 1136 1185; x_wconf 87' lang='lat' dir='ltr'>noli</span> <span class='ocrx_word' id='word_1_40' title='bbox 1169 1143 1417 1202; x_wconf 84' lang='lat' dir='ltr'>perquirere</span> <span class='ocrx_word' id='word_1_41' title='bbox 1449 1151 1590 1185; x_wconf 88' lang='lat' dir='ltr'>sorte:</span> 
     </span>
     <span class='ocr_line' id='line_1_10' title="bbox 487 1211 1559 1268; baseline 0.002 -14"><span class='ocrx_word' id='word_1_42' title='bbox 487 1219 494 1254; x_wconf 76' lang='grc' dir='ltr'>ἰ</span> <span class='ocrx_word' id='word_1_43' title='bbox 520 1211 640 1268; x_wconf 89' lang='lat' dir='ltr'>Quid</span> <span class='ocrx_word' id='word_1_44' title='bbox 672 1223 830 1257; x_wconf 89' lang='lat' dir='ltr'>statuat</span> <span class='ocrx_word' id='word_1_45' title='bbox 862 1213 914 1258; x_wconf 90' lang='lat' dir='ltr'>de</span> <span class='ocrx_word' id='word_1_46' title='bbox 946 1225 1002 1268; x_wconf 89' lang='lat' dir='ltr'>te,</span> <span class='ocrx_word' id='word_1_47' title='bbox 1035 1214 1128 1259; x_wconf 84' lang='lat' dir='ltr'>sine</span> <span class='ocrx_word' id='word_1_48' title='bbox 1160 1225 1204 1259; x_wconf 87' lang='lat' dir='ltr'>te</span> <span class='ocrx_word' id='word_1_49' title='bbox 1236 1213 1442 1258; x_wconf 87' lang='lat' dir='ltr'>deliberat</span> <span class='ocrx_word' id='word_1_50' title='bbox 1474 1213 1559 1257; x_wconf 89' lang='lat' dir='ltr'>ille.</span> 
     </span>
    </p>
   </div>
   <div class='ocr_carea' id='block_1_7' title="bbox 1218 1362 1278 1408">
    <p class='ocr_par' dir='ltr' id='par_1_7' title="bbox 1218 1362 1278 1408">
     <span class='ocr_line' id='line_1_11' title="bbox 1218 1362 1278 1408; baseline 0 -14"><span class='ocrx_word' id='word_1_51' title='bbox 1218 1362 1278 1408; x_wconf 86' lang='lat'>13.</span> 
     </span>
    </p>
   </div>
   <div class='ocr_carea' id='block_1_8' title="bbox 519 1454 1968 1586">
    <p class='ocr_par' dir='ltr' id='par_1_8' title="bbox 519 1454 1968 1586">
     <span class='ocr_line' id='line_1_12' title="bbox 519 1454 1543 1520; baseline 0.002 -19"><span class='ocrx_word' id='word_1_52' title='bbox 519 1454 728 1502; x_wconf 87' lang='lat' dir='ltr'>Invidiam</span> <span class='ocrx_word' id='word_1_53' title='bbox 762 1457 898 1503; x_wconf 91' lang='lat' dir='ltr'>nimio</span> <span class='ocrx_word' id='word_1_54' title='bbox 931 1457 1044 1503; x_wconf 89' lang='lat' dir='ltr'>cultu</span> <span class='ocrx_word' id='word_1_55' title='bbox 1080 1457 1214 1503; x_wconf 86' lang='lat' dir='ltr'>vitare</span> <span class='ocrx_word' id='word_1_56' title='bbox 1246 1469 1481 1511; x_wconf 81' lang='lat' dir='ltr'>memento,</span> <span class='ocrx_word' id='word_1_57' title='bbox 1539 1516 1543 1520; x_wconf 89' lang='lat'>.</span> 
     </span>
     <span class='ocr_line' id='line_1_13' title="bbox 519 1528 1968 1586; baseline 0 -12"><span class='ocrx_word' id='word_1_58' title='bbox 519 1528 646 1585; x_wconf 88' lang='lat' dir='ltr'>Quae</span> <span class='ocrx_word' id='word_1_59' title='bbox 677 1530 713 1575; x_wconf 90' lang='lat' dir='ltr'>si</span> <span class='ocrx_word' id='word_1_60' title='bbox 746 1546 835 1575; x_wconf 90' lang='lat' dir='ltr'>non</span> <span class='ocrx_word' id='word_1_61' title='bbox 867 1531 1008 1586; x_wconf 87' lang='lat' dir='ltr'>laedit,</span> <span class='ocrx_word' id='word_1_62' title='bbox 1052 1543 1197 1577; x_wconf 84' lang='lat' dir='ltr'>tamen</span> <span class='ocrx_word' id='word_1_63' title='bbox 1240 1531 1347 1576; x_wconf 87' lang='lat' dir='ltr'>hanc</span> <span class='ocrx_word' id='word_1_64' title='bbox 1389 1531 1571 1577; x_wconf 87' lang='lat' dir='ltr'>sufferre</span> <span class='ocrx_word' id='word_1_65' title='bbox 1614 1531 1847 1576; x_wconf 85' lang='lat' dir='ltr'>molestum</span> <span class='ocrx_word' id='word_1_66' title='bbox 1894 1543 1968 1575; x_wconf 85' lang='lat' dir='ltr'>est.</span> 
     </span>
    </p>
   </div>
   <div class='ocr_carea' id='block_1_9' title="bbox 1214 1679 1277 1722">
    <p class='ocr_par' dir='ltr' id='par_1_9' title="bbox 1214 1679 1277 1722">
     <span class='ocr_line' id='line_1_14' title="bbox 1214 1679 1277 1722; baseline 0 -13"><span class='ocrx_word' id='word_1_67' title='bbox 1214 1679 1277 1722; x_wconf 78' lang='lat'>14.</span> 
     </span>
    </p>
   </div>
   <div class='ocr_carea' id='block_1_10' title="bbox 516 1782 1630 1918">
    <p class='ocr_par' dir='ltr' id='par_1_10' title="bbox 516 1782 1630 1918">
     <span class='ocr_line' id='line_1_15' title="bbox 518 1782 1630 1845; baseline 0.002 -17"><span class='ocrx_word' id='word_1_68' title='bbox 518 1782 621 1829; x_wconf 83' lang='lat' dir='ltr'>Esto</span> <span class='ocrx_word' id='word_1_69' title='bbox 656 1783 757 1829; x_wconf 89' lang='lat' dir='ltr'>sorti</span> <span class='ocrx_word' id='word_1_70' title='bbox 790 1785 950 1840; x_wconf 83' lang='lat' dir='ltr'>animo,</span> <span class='ocrx_word' id='word_1_71' title='bbox 983 1800 1079 1829; x_wconf 89' lang='lat' dir='ltr'>cum</span> <span class='ocrx_word' id='word_1_72' title='bbox 1113 1786 1170 1830; x_wconf 88' lang='lat' dir='ltr'>sis</span> <span class='ocrx_word' id='word_1_73' title='bbox 1203 1785 1423 1830; x_wconf 84' lang='lat' dir='ltr'>damnatus</span> <span class='ocrx_word' id='word_1_74' title='bbox 1457 1785 1630 1845; x_wconf 86' lang='lat' dir='ltr'>inique:</span> 
     </span>
     <span class='ocr_line' id='line_1_16' title="bbox 516 1857 1611 1918; baseline 0.001 -16"><span class='ocrx_word' id='word_1_75' title='bbox 516 1857 666 1902; x_wconf 79' lang='lat' dir='ltr'>Nemo</span> <span class='ocrx_word' id='word_1_76' title='bbox 700 1857 771 1903; x_wconf 88' lang='lat' dir='ltr'>diu</span> <span class='ocrx_word' id='word_1_77' title='bbox 805 1858 973 1918; x_wconf 87' lang='lat' dir='ltr'>gaudet,</span> <span class='ocrx_word' id='word_1_78' title='bbox 1005 1858 1078 1918; x_wconf 90' lang='lat' dir='ltr'>qui</span> <span class='ocrx_word' id='word_1_79' title='bbox 1111 1858 1250 1904; x_wconf 86' lang='lat' dir='ltr'>iudice</span> <span class='ocrx_word' id='word_1_80' title='bbox 1284 1859 1416 1903; x_wconf 89' lang='lat' dir='ltr'>vincit</span> <span class='ocrx_word' id='word_1_81' title='bbox 1448 1859 1611 1918; x_wconf 81' lang='lat' dir='ltr'>iniquo,</span> 
     </span>
    </p>
   </div>
   <div class='ocr_carea' id='block_1_11' title="bbox 1212 2005 1278 2048">
    <p class='ocr_par' dir='ltr' id='par_1_11' title="bbox 1212 2005 1278 2048">
     <span class='ocr_line' id='line_1_17' title="bbox 1212 2005 1278 2048; baseline 0.015 -13"><span class='ocrx_word' id='word_1_82' title='bbox 1212 2005 1278 2048; x_wconf 83' lang='lat'>15.</span> 
     </span>
    </p>
   </div>
   <div class='ocr_carea' id='block_1_12' title="bbox 515 2111 1673 2231">
    <p class='ocr_par' dir='ltr' id='par_1_12' title="bbox 515 2111 1673 2231">
     <span class='ocr_line' id='line_1_18' title="bbox 519 2111 1516 2172; baseline -0.001 -15"><span class='ocrx_word' id='word_1_83' title='bbox 519 2112 623 2157; x_wconf 86' lang='lat' dir='ltr'>Lit&#39;s</span> <span class='ocrx_word' id='word_1_84' title='bbox 657 2112 911 2172; x_wconf 82' lang='lat' dir='ltr'>praeteritae</span> <span class='ocrx_word' id='word_1_85' title='bbox 945 2111 1034 2156; x_wconf 87' lang='lat' dir='ltr'>noli</span> <span class='ocrx_word' id='word_1_86' title='bbox 1068 2112 1294 2158; x_wconf 85' lang='lat' dir='ltr'>maledicta</span> <span class='ocrx_word' id='word_1_87' title='bbox 1327 2111 1516 2157; x_wconf 86' lang='lat' dir='ltr'>referre:</span> 
     </span>
     <span class='ocr_line' id='line_1_19' title="bbox 515 2185 1673 2231; baseline 0.001 -1"><span class='ocrx_word' id='word_1_88' title='bbox 515 2187 619 2231; x_wconf 91' lang='lat' dir='ltr'>Post</span> <span class='ocrx_word' id='word_1_89' title='bbox 651 2185 893 2230; x_wconf 80' lang='lat' dir='ltr'>inimicitias</span> <span class='ocrx_word' id='word_1_90' title='bbox 926 2185 1033 2230; x_wconf 82' lang='lat' dir='ltr'>iram</span> <span class='ocrx_word' id='word_1_91' title='bbox 1067 2186 1316 2230; x_wconf 87' lang='lat' dir='ltr'>meminisse</span> <span class='ocrx_word' id='word_1_92' title='bbox 1348 2186 1562 2230; x_wconf 84' lang='lat' dir='ltr'>malorum</span> <span class='ocrx_word' id='word_1_93' title='bbox 1597 2198 1673 2231; x_wconf 88' lang='lat' dir='ltr'>est.</span> 
     </span>
    </p>
   </div>
   <div class='ocr_carea' id='block_1_13' title="bbox 1211 2320 1274 2364">
    <p class='ocr_par' dir='ltr' id='par_1_13' title="bbox 1211 2320 1274 2364">
     <span class='ocr_line' id='line_1_20' title="bbox 1211 2320 1274 2364; baseline 0 0"><span class='ocrx_word' id='word_1_94' title='bbox 1211 2320 1274 2364; x_wconf 82' lang='lat'>16.</span> 
     </span>
    </p>
   </div>
   <div class='ocr_carea' id='block_1_14' title="bbox 513 2441 1623 2577">
    <p class='ocr_par' dir='ltr' id='par_1_14' title="bbox 513 2441 1623 2577">
     <span class='ocr_line' id='line_1_21' title="bbox 513 2441 1541 2502; baseline -0.003 -14"><span class='ocrx_word' id='word_1_95' title='bbox 513 2442 609 2488; x_wconf 90' lang='lat' dir='ltr'>Nec</span> <span class='ocrx_word' id='word_1_96' title='bbox 643 2454 685 2487; x_wconf 90' lang='lat' dir='ltr'>te</span> <span class='ocrx_word' id='word_1_97' title='bbox 719 2441 934 2487; x_wconf 88' lang='lat' dir='ltr'>collaudes</span> <span class='ocrx_word' id='word_1_98' title='bbox 967 2456 1046 2486; x_wconf 89' lang='lat' dir='ltr'>nec</span> <span class='ocrx_word' id='word_1_99' title='bbox 1079 2453 1122 2487; x_wconf 87' lang='lat' dir='ltr'>te</span> <span class='ocrx_word' id='word_1_100' title='bbox 1155 2441 1393 2502; x_wconf 83' lang='lat' dir='ltr'>culpaveris</span> <span class='ocrx_word' id='word_1_101' title='bbox 1426 2441 1541 2501; x_wconf 85' lang='lat' dir='ltr'>ipse:</span> 
     </span>
     <span class='ocr_line' id='line_1_22' title="bbox 515 2514 1623 2577; baseline -0.001 -16"><span class='ocrx_word' id='word_1_102' title='bbox 515 2516 612 2561; x_wconf 90' lang='lat' dir='ltr'>Hoc</span> <span class='ocrx_word' id='word_1_103' title='bbox 645 2515 803 2561; x_wconf 86' lang='lat' dir='ltr'>faciunt</span> <span class='ocrx_word' id='word_1_104' title='bbox 836 2515 968 2570; x_wconf 88' lang='lat' dir='ltr'>stulti,</span> <span class='ocrx_word' id='word_1_105' title='bbox 1001 2531 1111 2577; x_wconf 88' lang='lat' dir='ltr'>quos</span> <span class='ocrx_word' id='word_1_106' title='bbox 1143 2514 1280 2574; x_wconf 86' lang='lat' dir='ltr'>gloria</span> <span class='ocrx_word' id='word_1_107' title='bbox 1314 2525 1437 2560; x_wconf 85' lang='lat' dir='ltr'>vexat</span> <span class='ocrx_word' id='word_1_108' title='bbox 1473 2515 1623 2560; x_wconf 81' lang='lat' dir='ltr'>inanis.</span> 
     </span>
    </p>
   </div>
   <div class='ocr_carea' id='block_1_15' title="bbox 1209 2661 1271 2706">
    <p class='ocr_par' dir='ltr' id='par_1_15' title="bbox 1209 2661 1271 2706">
     <span class='ocr_line' id='line_1_23' title="bbox 1209 2661 1271 2706; baseline -0.016 -13"><span class='ocrx_word' id='word_1_109' title='bbox 1209 2661 1271 2706; x_wconf 86' lang='lat'>17.</span> 
     </span>
    </p>
   </div>
   <div class='ocr_carea' id='block_1_16' title="bbox 510 2769 1744 2907">
    <p class='ocr_par' dir='ltr' id='par_1_16' title="bbox 510 2769 1744 2907">
     <span class='ocr_line' id='line_1_24' title="bbox 513 2769 1698 2835; baseline -0.003 -15"><span class='ocrx_word' id='word_1_110' title='bbox 513 2773 649 2820; x_wconf 88' lang='lat' dir='ltr'>Utere</span> <span class='ocrx_word' id='word_1_111' title='bbox 680 2774 883 2835; x_wconf 89' lang='lat' dir='ltr'>quaesitis</span> <span class='ocrx_word' id='word_1_112' title='bbox 915 2773 1111 2820; x_wconf 85' lang='lat' dir='ltr'>modice:</span> <span class='ocrx_word' id='word_1_113' title='bbox 1144 2788 1241 2818; x_wconf 88' lang='lat' dir='ltr'>cum</span> <span class='ocrx_word' id='word_1_114' title='bbox 1276 2783 1469 2832; x_wconf 88' lang='lat' dir='ltr'>sumptus</span> <span class='ocrx_word' id='word_1_115' title='bbox 1502 2769 1698 2825; x_wconf 86' lang='lat' dir='ltr'>abundat,</span> 
     </span>
     <span class='ocr_line' id='line_1_25' title="bbox 510 2845 1744 2907; baseline -0.004 -15"><span class='ocrx_word' id='word_1_116' title='bbox 510 2848 686 2893; x_wconf 79' lang='lat' dir='ltr'>Labitur</span> <span class='ocrx_word' id='word_1_117' title='bbox 717 2849 888 2907; x_wconf 84' lang='lat' dir='ltr'>exiguo,</span> <span class='ocrx_word' id='word_1_118' title='bbox 920 2846 1036 2907; x_wconf 91' lang='lat' dir='ltr'>quod</span> <span class='ocrx_word' id='word_1_119' title='bbox 1069 2858 1236 2906; x_wconf 83' lang='lat' dir='ltr'>partum</span> <span class='ocrx_word' id='word_1_120' title='bbox 1270 2857 1343 2890; x_wconf 88' lang='lat' dir='ltr'>est.</span> <span class='ocrx_word' id='word_1_121' title='bbox 1366 2857 1563 2903; x_wconf 80' lang='lat' dir='ltr'>tempore</span> <span class='ocrx_word' id='word_1_122' title='bbox 1598 2845 1744 2903; x_wconf 84' lang='lat' dir='ltr'>longo.</span> 
     </span>
    </p>
   </div>
   <div class='ocr_carea' id='block_1_17' title="bbox 1210 2981 1273 3025">
    <p class='ocr_par' dir='ltr' id='par_1_17' title="bbox 1210 2981 1273 3025">
     <span class='ocr_line' id='line_1_26' title="bbox 1210 2981 1273 3025; baseline 0 0"><span class='ocrx_word' id='word_1_123' title='bbox 1210 2981 1273 3025; x_wconf 86' lang='lat'>18.</span> 
     </span>
    </p>
   </div>
   <div class='ocr_carea' id='block_1_18' title="bbox 490 3089 1682 3225">
    <p class='ocr_par' dir='ltr' id='par_1_18' title="bbox 490 3089 1682 3225">
     <span class='ocr_line' id='line_1_27' title="bbox 490 3089 1610 3152; baseline -0.005 -15"><span class='ocrx_word' id='word_1_124' title='bbox 490 3092 720 3152; x_wconf 68' lang='lat' dir='ltr'>&#39;Insipiens</span> <span class='ocrx_word' id='word_1_125' title='bbox 752 3103 859 3147; x_wconf 84' lang='lat' dir='ltr'>est0‚</span> <span class='ocrx_word' id='word_1_126' title='bbox 892 3108 992 3137; x_wconf 88' lang='lat' dir='ltr'>cum</span> <span class='ocrx_word' id='word_1_127' title='bbox 1024 3104 1195 3151; x_wconf 91' lang='lat' dir='ltr'>tempus</span> <span class='ocrx_word' id='word_1_128' title='bbox 1227 3089 1412 3150; x_wconf 88' lang='lat' dir='ltr'>postulat</span> <span class='ocrx_word' id='word_1_129' title='bbox 1446 3090 1610 3148; x_wconf 85' lang='lat' dir='ltr'>ipsum:</span> 
     </span>
     <span class='ocr_line' id='line_1_28' title="bbox 511 3162 1682 3225; baseline -0.004 -15"><span class='ocrx_word' id='word_1_130' title='bbox 511 3164 980 3211; x_wconf 64' lang='lat' dir='ltr'>Stultitiam‘simulare</span> <span class='ocrx_word' id='word_1_131' title='bbox 1013 3165 1113 3220; x_wconf 88' lang='lat' dir='ltr'>loco</span> <span class='ocrx_word' id='word_1_132' title='bbox 1146 3162 1373 3225; x_wconf 84' lang='lat' dir='ltr'>prudentia</span> <span class='ocrx_word' id='word_1_133' title='bbox 1406 3177 1574 3207; x_wconf 84' lang='lat' dir='ltr'>summa</span> <span class='ocrx_word' id='word_1_134' title='bbox 1607 3172 1682 3209; x_wconf 82' lang='lat' dir='ltr'>est.</span> 
     </span>
    </p>
   </div>
   <div class='ocr_carea' id='block_1_19' title="bbox 0 0 2573 3591">
    <p class='ocr_par' dir='ltr' id='par_1_19' title="bbox 0 0 2573 3591">
     <span class='ocr_line' id='line_1_29' title="bbox 0 0 2573 3591; baseline 0 8"><span class='ocrx_word' id='word_1_135' title='bbox 0 0 2573 3591; x_wconf 95' lang='lat' dir='ltr'> </span> 
     </span>
    </p>
   </div>
  </div>
 </body>
</html>
