2573 3591
659 320 1134 404 „fueris-fe1351‚.qme
1152 342 1266 383 suin
1298 336 1496 391 adversa,<
1528 341 1705 382 caveto:

583 428 588 429 ⁷
623 409 731 463 Non
762 409 919 457 eodem
950 411 1371 473 curseiv‘respondent
1400 410 1554 457 ultima
1585 411 1759 471 primis

1251 559 1318 600 19·

629 667 741 713 Cum
774 667 900 713 dubia
932 679 976 714 et
1008 667 1170 727 fragilis
1201 669 1328 715 nobis
1361 669 1417 714 sit
1449 669 1540 714 vita
1572 667 1740 723 tributa,

627 743 677 787 In
696 753 851 787 ,morte
882 742 1056 787 alterius
1088 755 1212 802 spem
1244 749 1291 788 tu'
1323 742 1398 786 tibi
1431 758 1594 803 ponere
1627 743 1730 787 noli.

1248 888 1318 920 20.

633 997 845 1056 Exiguum
880 1013 1037 1041 munus
1070 1013 1167 1042 cum
1201 997 1272 1043 det
1303 997 1386 1042 tib}
1412 1013 1572 1056 pauper
1604 998 1780 1051 amicus,

630 1072 825 1131 Accipito
859 1071 1007 1133 laetus,
1040 1070 1165 1130 plene
1196 1082 1240 1115 et
1272 1070 1442 1115 laudare
1476 1082 1699 1114 memento

1252 1217 1320 1249 21.

575 1362 578 1365 .
631 1325 849 1371 Infantem
882 1326 1044 1371 nudum
1078 1342 1173 1385 cum
1209 1338 1250 1371 te
1284 1338 1433 1371 natura
1465 1327 1632 1381 crearit,

633 1400 896 1460 paupertatis
930 1400 1283 1458 onus-patienter
1316 1399 1427 1444 ferre
1459 1410 1696 1445 memento.

1252 1547 1320 1579 22.

633 1645 707 1688 Ne
739 1645 891 1688 timeas
924 1644 1057 1701 illam,
1090 1661 1197 1703 quae
1231 1645 1344 1689 vitae
1377 1658 1441 1689 est
1475 1644 1625 1688 ultima
1658 1644 1780 1689 finis:

634 1717 724 1772 Qui
758 1729 943 1763 mortem
977 1717 1325 1778 metuit‚·perdit,
1368 1717 1487 1778 quod
1532 1718 1655 1773 vivit,
1697 1717 1740 1762 id
1784 1719 1938 1777 ipsum,

1251 1863 1321 1909 23.

635 1963 836 2015 Incusare
869 1961 973 2005 deos
1005 1961 1110 2015 noli,
1143 1960 1218 2005 sed
1250 1972 1292 2005 te
1325 1961 1416 2019 ipse
1449 1967 1614 2016 coerce,

635 2030 678 2080 Si
711 2035 785 2079 tibi
816 2049 896 2095 pro
929 2033 1090 2080 meritis
1123 2049 1254 2080 nemo
1288 2034 1495 2079 succurrit
1528 2034 1699 2079 amicus.

1254 2183 1321 2227 24.

634 2279 704 2324 Ne
737 2279 811 2324 tibi
843 2278 948 2340 quid
979 2279 1101 2337 desit,
1133 2279 1335 2339 quaesitis
1368 2290 1491 2324 utere
1520 2282 1657 2338 parce,

632 2354 781 2414 thue
813 2353 930 2414 quod
962 2364 1040 2409 est,
1084 2368 1244 2407 serves,
1289 2367 1459 2412 semper
1481 2349 1484 2352 ⁴
1503 2351 1579 2397 tibi
1612 2351 1734 2397 desse
1778 2364 1937 2412 putato.

1221 2500 1321 2545 25.

635 2598 776 2652 Quod'
801 2609 1017 2658 praestare
1049 2610 1173 2658 potes
1207 2612 1286 2642 nec
1318 2599 1398 2655 vis,
1431 2599 1688 2658 promittere
1721 2597 1823 2650 noli,

634 2671 704 2715 Ne
722 2671 794 2715 “sis
827 2658 1050 2727 ventos‘uS‚
1084 2671 1287 2730 dum-vis
1322 2671 1458 2716 bonus
1494 2686 1587 2717 esse
1619 2672 1764 2716 videri.

1253 2808 1323 2852 26.

606 2947 610 2951 -
634 2917 748 2962 Cum
780 2915 953 2961 simulat
986 2915 1128 2961 verbis
1160 2930 1239 2961 nec
1271 2915 1402 2961 corde
1435 2912 1499 2961 es't
1531 2915 1641 2961 fidus
1673 2916 1850 2972 amicus,

633 2990 704 3035 Tu
736 3005 912 3050 quoque
942 2988 1006 3034 fac
1038 2988 1243 3035 simules:
1272 2989 1336 3034 sic
1368 3004 1434 3034 ars
1469 2988 1820 3047 deluditur-arte.

1253 3137 1324 3180 27.

631 3232 734 3278 Noli
767 3233 966 3278 homines
998 3233 1177 3295 blan‘dps
1208 3234 1393 3278 nimium
1426 3249 1631 3279 sermone
1676 3235 1881 3294 probare:

632 3305 795 3351 Fistula
828 3306 952 3352 dulce
984 3306 1112 3360 canit,
1155 3305 1381 3354 volucrem
1428 3306 1530 3352 dum
1574 3308 1730 3368 decipit
1772 3325 1942 3369 auceps.
