2573 3591
575 523 685 568 Cum
721 524 795 569 tibi
830 524 1006 571 divitiae
1038 540 1239 588 superant
1272 529 1315 573 in
1349 525 1436 573 fine
1468 540 1678 581 senectae,

442 633 444 635 .
507 644 512 653 ,ι
573 597 803 653 Munificus
837 598 966 645 facito
994 601 1134 655 vivas,
1167 617 1255 647 non
1290 609 1441 661 parc'us
1470 600 1636 648 amicis,

1267 750 1334 783 10.

572 855 691 902 Utile
723 857 956 903 consilium·
986 857 1186 904 dominus
1219 874 1274 904 ne
1307 858 1479 919 despice
1510 858 1648 905 servi:

573 931 742 975 Nullius
776 947 962 985 sensum,
995 933 1028 977 si
1062 933 1252 991 prodest,
1284 934 1511 992 tempseris
1545 949 1745 992 unquam.

1266 1082 1331 1115 11.

572 1191 718 1236 Rebus
750 1205 792 1238 et
825 1193 870 1236 in
903 1207 1032 1236 censu
1065 1192 1099 1237 si
1132 1187 1217 1236 n'on
1253 1203 1329 1246 est,
1363 1191 1479 1252 quod
1512 1191 1590 1237 fuit
1623 1203 1732 1246 ante,

573 1267 653 1311 Fac
687 1267 808 1311 vivas
841 1278 1070 1311 contentus
1103 1281 1170 1320 eo,
1203 1264 1321 1325 quod
1353 1277 1551 1325 tempora
1584 1265 1802 1325 praebent.

1265 1412 1330 1448 12.

570 1510 764 1555 Uxorem
801 1509 900 1569 fuge
931 1525 985 1555 ne
1016 1509 1147 1556 ducas
1178 1511 1255 1555 sub
1287 1510 1466 1555 nomine
1500 1510 1627 1565 dotiS,

567 1585 661 1628 Nec
695 1585 881 1628 retinere
913 1584 1034 1637 velis,
1066 1585 1111 1627 si
1135 1584 1325 1643 coeperit
1358 1600 1452 1628 esse
1485 1584 1681 1629 molesta.

1263 1729 1326 1775 13.

566 1828 805 1873 Multorum
840 1827 955 1873 disc‘e
988 1827 1210 1887 exemplis,
1242 1843 1348 1887 quae
1382 1826 1491 1873 facta
1523 1828 1730 1887 sequariS‚

569 1901 704 1953 Quae
737 1900 899 1959 fugias:
933 1901 1021 1944 vita
1055 1900 1281 1943 est-nobis·
1307 1900 1445 1944 aliena
1479 1901 1692 1958 magistra.

1263 2045 1326 2090 14.

566 2144 701 2200 Quod
734 2155 869 2204 potes»,
902 2143 945 2189 id
977 2155 1153 2203 tempta,
1185 2143 1330 2203 operis
1362 2158 1416 2188 ne
1449 2143 1642 2203 pondere
1677 2158 1848 2203 pressus

565 2218 820 2263 Succumbat
852 2216 972 2262 labor
1005 2228 1047 2262 et
1080 2215 1233 2262 frustra
1266 2226 1427 2261 motata
1461 2215 1687 2277 relinquas,

1264 2365 1329 2412 15.

563 2461 700 2523 Quod
732 2462 846 2507 nosti
882 2461 1040 2508 factum
1072 2460 1185 2508 haud
1218 2473 1348 2519 recte,
1381 2460 1524 2506 nolito
1558 2460 1698 2516 silere,

561 2537 633 2581 Ne
665 2537 838 2582 videare
871 2537 1013 2581 malos
1045 2536 1203 2582 imitari
1238 2535 1350 2581 velle
1384 2535 1580 2580 tacendo.

1260 2670 1323 2717 16.

562 2779 721 2828 Iudicis
753 2779 958 2827 auxilium
993 2785 1071 2826 sub
1102 2779 1246 2842 iniqua
1280 2781 1374 2840 lege
1407 2790 1585 2839 rogat03

561 2857 683 2916 Ipsae
715 2856 846 2901 etiam
878 2859 997 2914 leges
1030 2855 1220 2915 cupiunt,
1253 2866 1299 2899 ut
1331 2854 1423 2899 iure
1455 2865 1672 2912 regantur.

1259 2999 1325 3045 17.

562 3096 699 3153 Quod
731 3098 888 3143 merito
921 3096 1092 3157 pateris,
1126 3095 1339 3156 patienter
1371 3094 1483 3141 ferre
1514 3108 1751 3150 mement0‚

507 3205 509 3211 .
561 3170 764 3233 Cumque
796 3169 894 3218 reus
926 3170 1001 3216 tibi
1033 3171 1108 3225 sis,
1140 3171 1281 3231 ipsum
1314 3181 1356 3215 te
1391 3168 1531 3216 iudice
1564 3172 1727 3217 damna,
