2573 3591
336 347 574 419 {gg-Withofix
605 345 712 405 ven*
674 319 880 411 ’plana
912 357 1008 404 est,-
1038 354 1292 401 Amtzenii:

338 409 630 496 '†²Simplicitas
661 440 773 471 vera
804 429 876 472 est
896 426 1057 486 fanals,
1091 427 1205 474 fraus
1238 427 1339 474 ficta
1371 429 1618 489 loquentiu

338 497 341 502 ’
513 498 712 544 Malscii:

326 584 330 587 ’
362 573 628 635 Simplicitas
661 573 754 618 veri
788 587 953 618 norma
984 585 1062 628 est,
1096 576 1205 619 laus
1238 574 1336 619 ficta
1369 576 1622 631 loquentis,-

292 635 297 639 ’
323 642 326 646 ’
511 646 789 692 Baehrensii:

363 719 624 781 Simplicitas
656 720 749 765 veri
771 719 939 777 forma
972 732 1049 776 est,
1083 722 1189 766 laus
1222 719 1320 766 ficta
1354 722 1585 781 loquentis.

267 802 315 852 214'
347 804 435 855 '1⁷3.
468 796 718 854 exemplis.-
751 793 813 849 C;
846 797 1073 854 exemplo:
1107 796 1250 840 ceteri.
2320 820 2337 824 -·

270 859 310 889 ³⁷
368 881 434 926 14.
466 871 610 912 tenta:
642 866 791 911 CDEF
825 878 868 911 et
901 867 1101 927 plurimi;
1134 873 1367 926 temptato:
1398 867 1489 912 Par.
1521 869 1652 925 2659,
1686 867 1803 927 quod
1836 867 2052 913 Baehrens
2085 870 2127 914 in
2161 881 2274 914 tex-,
2337 861 2340 865 ⁴

332 941 519 1001 recepitg
539 945 705 985 tenses:
740 939 931 985 editores
963 941 1152 1000 plurimi,
1190 940 1305 1002 quod
1339 940 1520 985 minime
1553 952 1617 986 est
1652 941 1953 992 necessarium,
1986 948 2092 989 cum‘
2131 941 2271 989 hiatus

278 1019 284 1024 ’
331 1015 432 1079 lqco
466 1014 707 1059 hexametri
740 1013 908 1059 admitti
943 1015 1299 1074 optimorumque
1344 1026 1570 1073 poetarum
1618 1016 1820 1075 exemplo
1866 1017 2058 1062 excusari
2105 1004 2284 1080 possit}

315 1111 323 1126 ι
359 1111 369 1128 ι
392 1107 407 1134 .·
460 1087 610 1134 CDEF
662 1088 754 1133 Par.
810 1090 939 1146 2659.
995 1088 1124 1147 8320.
1181 1089 1311 1146 8093.
1366 1089 1511 1147 2874;
1563 1081 1795 1149 temptata:
1828 1078 2270 1152 ceter13'2‘nceptata.·

301 1162 444 1209 hrens.

361 1239 565 1283 Motata:
613 1235 857 1290 emendavi,
902 1235 1019 1296 quod
1065 1235 1173 1282 adeo
1222 1235 1500 1282 manifestum
1532 1248 1609 1291 est,
1656 1248 1701 1281 ut
1734 1236 1895 1282 nemini
1930 1237 2013 1282 huc
2046 1252 2181 1299 usque
2215 1239 2257 1284 in

259 1321 409 1375 entem
441 1310 614 1355 venisse
646 1310 748 1354 satis
775 1310 921 1353 mirari
955 1324 1044 1353 non
1077 1310 1254 1369 possim.
1299 1310 1416 1355 Nam
1450 1314 1622 1354 motare
1654 1321 1923 1354 contractum
1958 1326 2013 1355 ex
2043 1313 2263 1357 movitare

206 1383 429 1448 significat
474 1383 644 1443 saepius
679 1398 860 1428 movere
892 1382 963 1428 vel
999 1382 1098 1428 loco
1132 1399 1314 1429 movere
1348 1383 1508 1429 conari.
1554 1382 1689 1438 Quod
1721 1383 1756 1429 si
1789 1385 2034 1444 recipimus,
2078 1385 2268 1445 primum

210 1457 434 1522 sequimur
461 1451 697 1503 'meliorem
732 1456 1006 1511 memoriam,
1053 1456 1224 1502 codices
1259 1455 1408 1502 CDEF
1443 1457 1554 1502 inter
1586 1473 1632 1502 se
1665 1470 1966 1518 congruentes,
2000 1457 2155 1505 deinde
2186 1460 2289 1515 eli-¹

200 1530 429 1595 minumus
474 1532 706 1579 molestam
753 1532 871 1576 illam
918 1531 1220 1591 tautologiam,
1265 1538 1429 1591 templa
1475 1544 1517 1577 et
1563 1537 1785 1591 temptata,
1830 1545 1923 1579 tum
1981 1533 2267 1581 satisfacimus

209 1607 494 1669 *metaphorae
528 1607 738 1667 poeticae,
771 1605 935 1650 scilicet
967 1606 1110 1662 operis
1138 1607 1349 1664 ponderi,
1383 1607 1435 1651 ad
1469 1604 1586 1665 quod
1618 1605 1801 1651 verbum
1823 1609 2028 1652 motandi
2045 1607 2265 1670 aptissime

200 1680 405 1731 ⁷refertur.
436 1682 554 1727 Nam
587 1692 716 1741 poeta
749 1679 1038 1739 propositum,
1070 1678 1189 1738 quod
1221 1679 1335 1724 vires
1368 1690 1537 1724 nostras
1591 1691 1776 1739 superet,
1811 1680 1989 1740 perinde
2034 1696 2082 1726 ac
2127 1682 2162 1727 si
2197 1698 2264 1728 res

136 1748 421 1818 fijandam
455 1754 599 1814 magni
634 1752 837 1813 ponderis
871 1753 938 1807 sit,
984 1768 1113 1813 quarn
1162 1751 1262 1797 loco
1309 1768 1490 1797 movere
1536 1752 1778 1809 debeamus,
1827 1754 2041 1801 describit.
2091 1754 2124 1798 E
2168 1770 2265 1800 raro

136 1830 367 1889 {zautem
406 1828 630 1882 vocabulo,
674 1831 851 1883 motata,
896 1842 1047 1886 parum
1095 1826 1315 1871 intellecto
1362 1831 1546 1884 mutata,
1604 1826 1759 1872 deinde
1804 1843 1857 1871 ex
1891 1827 1976 1872 hoc
2022 1828 2130 1888 ipso,
2163 1843 2261 1889 cum

136 1905 178 1966 :j-
208 1915 362 1963 nostro
409 1902 510 1947 loco
556 1900 723 1946 nullum
771 1899 946 1945 haberet
992 1915 1180 1953 sensum,
1204 1895 1206 1897 ’
1226 1903 1436 1957 templala
1482 1899 1640 1945 factum
1686 1915 1780 1946 esse
1812 1911 2154 1946 consentaneum
2186 1913 2263 1947 est.

135 1966 346 2038 ¹}[47.1Adde,
381 1975 498 2037 quod
530 1976 576 2019 in
608 1975 699 2019 Par.
735 1974 867 2031 8093.
903 1985 944 2017 et
981 1974 1126 2031 2874,
1160 1974 1203 2016 in
1237 1974 1388 2034 quibus
1422 1975 1557 2034 prima
1591 1989 1719 2016 manu
1754 1979 1932 2017 mutata
1954 1975 2160 2034 scriptum
2184 1987 2263 2030 est,

140 2056 180 2103 ξς
207 2054 363 2096 manus
397 2049 584 2092 secunda
618 2047 830 2106 genuinae
864 2047 1040 2089 lectioni
1074 2047 1228 2090 adiecit
1262 2052 1481 2101 temptata.
1753 2063 1757 2066 ·

1095 2209 1237 2251 Liber
1269 2209 1348 2252 1V.

355 2334 395 2378 4.
430 2320 713 2364 Denarium:
760 2333 940 2369 omnes:
992 2316 1220 2370 formam:
1265 2333 1446 2368 omnes:
1479 2332 1644 2378 quam:
1691 2318 1811 2364 Bern.
1845 2333 1944 2378 403.
1977 2320 2068 2365 Par.
2116 2322 2258 2380 63453

169 2409 366 2459 quem:
410 2389 601 2454 plurimi,
621 2384 626 2389 ’
649 2393 767 2454 quod
812 2391 976 2452 recepit
1022 2390 1222 2446 Hauthal‚
1267 2392 1341 2438 sed
1387 2391 1602 2452 explicare
1630 2408 1717 2437 non
1751 2394 2004 2453 temptavit3
2038 2395 2091 2438 ab
2124 2408 2255 2441 aeret·

152 2469 326 2527 »ᾈΙρεἰά-
361 2469 411 2514 11.
444 2467 554 2513 Cod.
589 2468 773 2513 Membr.
812 2467 987 2522 Vossii3
1019 2468 1205 2509 habere:
1241 2469 1384 2512 ceteri.

351 2543 544 2587 Textum
578 2540 798 2586 codicibus
832 2540 1037 2585 traditum
1073 2539 1308 2584 rectissime
1356 2540 1657 2599 interpretatus
1692 2553 1756 2586 est
1791 2539 2015 2586 Erasmus:
2065 2542 2253 2589 »Amare

200 2617 429 2679 pecuniam
463 2616 516 2662 ad
548 2631 674 2661 usum
708 2615 929 2675 prudentis
963 2625 1050 2660 est:
1097 2629 1257 2666 amare,
1287 2626 1332 2659 ut
1367 2613 1507 2660 forma
1541 2627 1682 2675 pascat
1716 2618 1884 2670 oculos,
1916 2614 2031 2660 avari
2077 2629 2126 2660 ac
2172 2614 2252 2661 de-

170 2691 400 2740 *mentisss
436 2690 544 2746 Quo
577 2689 713 2749 magis
747 2688 884 2734 miror
917 2686 1110 2732 furorem
1144 2686 1267 2732 illum
1301 2686 1511 2742 criticum,
1544 2701 1631 2748 quo
1665 2703 1819 2733 onmes
1854 2687 1943 2733 fere
1976 2687 2163 2734 editores
2199 2690 2244 2735 in

201 2750 289 2812 hos
315 2780 467 2811 versus
500 2763 773 2807 saevierunt:

159 2836 179 2846 χ’
346 2839 538 2897 Scaliger
571 2849 613 2881 et
648 2840 872 2880 Arntzen:

346 2912 492 2971 Dilige
528 2912 701 2965 denari,
734 2909 810 2955 sed
843 2923 973 2969 parce
1006 2907 1137 2968 dilige
1171 2905 1375 2960 formam,

349 2986 490 3039 Quem
524 2998 658 3028 nemo
693 2994 861 3027 sanctus
896 2996 974 3027 nec
1009 2982 1216 3027 honestus
1250 2993 1389 3041 captat
1422 2982 1475 3025 ab
1507 2997 1624 3027 aere.

492 3056 684 3102 Alciatus
717 3057 888 3115 Parerg.
923 3056 996 3101 IV.
1030 3070 1064 3101 c.
1105 3070 1139 3114 3.

340 3130 487 3190 Dilige
520 3129 758 3185 denarium,
792 3129 867 3174 sed
901 3144 1050 3190 parce:
1085 3129 1217 3188 dilige
1252 3129 1454 3187 formam,

338 3209 490 3265 Quam
523 3218 655 3250 nemo
687 3204 865 3264 sapiens
896 3206 972 3249 vel
1001 3203 1208 3249 honestus
1243 3214 1383 3263 captat
1416 3204 1471 3247 ab
1505 3218 1618 3247 aere.

487 3279 719 3324 Boxhorn:

321 3352 482 3415 *Dilige
516 3353 755 3410 denarium,
789 3351 866 3396 sed
898 3366 1025 3411 parce
1059 3338 1200 3410 dilige.
1237 3354 1432 3396 Famam.
