2573 3591
1060 871 1320 916 LIBER
1373 871 1452 915 IV.

1242 1019 1274 1049 1.

532 1100 717 1162 Despice
749 1094 931 1156 divitias,
963 1103 998 1147 si
1030 1104 1096 1147 vis
1129 1103 1275 1147 animo
1308 1118 1401 1147 esse
1435 1103 1594 1156 beatus,

531 1177 654 1232 Quas
687 1170 757 1238 qui
792 1176 1046 1237 suspiciunt,
1079 1175 1323 1222 mendicant
1355 1191 1527 1236 semper
1559 1175 1690 1221 avari.

1231 1324 1256 1356 2
1266 1350 1269 1354 ,

530 1407 777 1454 Commoda
811 1420 985 1455 naturae
1017 1408 1137 1454 nullo
1169 1409 1244 1454 tibi
1277 1421 1474 1469 tempore
1503 1408 1672 1463 derunt,

531 1482 574 1526 Si
607 1494 835 1527 contentus
868 1498 923 1528 eo
957 1483 1100 1539 sueriS,
1132 1482 1249 1544 quod
1281 1481 1468 1543 postulat
1500 1498 1611 1528 usus,

1238 1629 1273 1674 3.

532 1723 644 1770 Cum
677 1724 734 1770 sis
766 1718 960 1771 incantus
992 1740 1071 1771 nec
1102 1739 1195 1771 rem
1229 1725 1395 1786 ratione
1427 1726 1650 1784 gubernes,

530 1797 903 1858 Noli'fortunam,
937 1815 1045 1860 quae
1077 1813 1164 1844 non
1197 1811 1274 1853 est,
1307 1798 1446 1844 dicere
1480 1815 1662 1845 caecam.

1236 1948 1274 1991 4.

530 2042 674 2103 Dilige
707 2043 944 2100 denarium,
976 2043 1051 2089 sed
1083 2057 1209 2103 parce
1243 2043 1373 2103 dilige
1404 2042 1605 2098 formam,

529 2118 676 2174 Quam
712 2131 845 2163 nemo
877 2129 1046 2163 sanctus
1079 2133 1157 2163 nec
1190 2118 1396 2163 honestus
1429 2128 1568 2176 captat
1606 2117 1772 2163 habere.

1238 2263 1272 2309 5.

500 2361 642 2407 ·Cum
676 2360 807 2407 fueris
839 2350 1046 2422 locnples,
1077 2375 1235 2422 corpus
1267 2375 1418 2408 curare
1451 2372 1702 2409 memento:

527 2438 671 2496 Aeger
704 2437 824 2482 dives
857 2435 984 2480 habet
1015 2451 1248 2490 nummos»,
1268 2450 1314 2480 se
1348 2449 1437 2481 non
1471 2432 1596 2481 habet
1629 2437 1781 2496 ipsum.

1235 2568 1273 2612 6.

528 2678 722 2725 Verbera
754 2693 853 2726 cum
887 2677 1035 2725 tuleris
1068 2678 1235 2726 discens
1268 2676 1500 2739 aliquando
1533 2678 1740 2739 magistri,

527 2753 608 2798 Fer
641 2754 771 2813 patris
803 2752 1048 2813 imperium,
1079 2767 1179 2798 cum
1213 2751 1354 2798 verbis
1386 2753 1475 2798 exit
1507 2752 1552 2797 in
1582 2752 1701 2798 iram.

1235 2900 1275 2946 7.

527 2996 613 3045 Res
645 3014 738 3059 age,
772 3012 881 3060 quae
914 3008 1121 3062 prosunt:
1153 2995 1302 3044 rurs'us
1334 2997 1470 3043 vitare
1502 3008 1740 3055 mementO,

526 3069 574 3116 In
606 3072 758 3133 quibus
791 3087 912 3118 error
944 3071 1055 3119 inest
1087 3086 1164 3118 nec
1197 3087 1293 3133 spes
1326 3082 1390 3117 est
1422 3083 1537 3118 certa
1570 3071 1741 3117 laboriS.

1230 3204 1268 3251 8.

526 3292 664 3370 Quod
695 3303 860 3369 donare,
888 3314 1028 3365 potes,
1058 3301 1190 3363 gratis
1223 3300 1414 3359 concede
1446 3302 1630 3362 roganti,

397 3390 399 3393 ·
432 3387 435 3390 “
523 3375 793 3447 Νξιωῇτεεῐε
824 3376 977 3424 fecisse
1009 3376 1133 3422 bonis
1165 3376 1209 3421 in
1241 3386 1361 3440 parte
1394 3376 1615 3423 lucrorum
1650 3387 1725 3422 est.
