2573 3591
898 699 1218 790 ὀισι-Α
1272 738 1688 789 εΑΤοΝιε.

1135 862 1486 927 PRAEFATro‘.

341 1005 346 1020 ³
393 1013 397 1016 ⁴
444 1030 479 1064 1.
513 1015 628 1062 Cum
659 1014 1062 1069 animadverterem,
1095 1013 1305 1073 plurimos
1338 1015 1526 1074 grtviter
1561 1016 1604 1060 in
1639 1013 1707 1060 via
1741 1030 1913 1059 morum
1947 1030 2102 1072 errare,
2149 1029 2302 1094 succur

290 1090 475 1155 rendum
509 1088 704 1148 opinioni
741 1102 894 1131 eorum
927 1098 971 1131 et
1003 1087 1314 1132 consulendum
1346 1088 1485 1134 famae
1518 1078 1776 1141 existimavi,
1811 1088 1999 1132 maxime
2032 1100 2079 1133 ut
2110 1088 2243 1142 isti-1:

273 1157 409 1227 έβρἐε
439 1161 590 1205 vivere
623 1172 666 1205 et
698 1160 880 1204 honeste
915 1161 1027 1203 mori
1061 1161 1341 1219 contingeret
1375 1172 1414 1205 2.
1447 1160 1597 1215 Quare
1628 1161 1709 1203 ista
1742 1159 1932 1204 facienda
1963 1172 2091 1220 atque
2122 1150 2210 1205 imf

354 1231 356 1233 ’
419 1232 660 1294 perscripsi,
694 1243 740 1277 ut
773 1231 892 1278 factis
926 1249 1079 1279 eorum
1124 1233 1211 1279 vita
1256 1233 1507 1293 corrigatur
1550 1216 1686 1292 Igitur
1732 1243 1958 1292 praecepta
2002 1232 2051 1278 is
2082 1229 2210 1293 legat,
2257 1226 2277 1240 ”

355 1306 515 1370 ellegit.
550 1307 713 1369 Legere
747 1307 863 1354 enim
896 1319 937 1354 et
971 1323 1057 1354 non
1092 1308 1343 1370 intellegere
1376 1307 1607 1369 neglegere
1640 1318 1715 1354 est.

1102 1496 1508 1538 SENTENTIAE.

898 1644 942 1677 .1.
975 1627 1072 1675 Deo
1105 1629 1305 1689 supplica.

904 1718 941 1747 2.
975 1704 1177 1748 Parentes
1210 1719 1317 1747 ama.

906 1793 942 1838 3.
978 1774 1199 1837 Cognatos
1232 1775 1339 1822 cole.

900 1868 939 1910 4.
971 1852 1133 1898 Datum
1174 1866 1308 1896 serva.

934 1965 939 1971 .
973 1922 1088 1973 Foro
1121 1941 1258 1988 parce.

931 2040 939 2049 .
973 2002 1087 2049 Cum
1117 2001 1241 2047 bonis
1273 1999 1452 2045 ambula.

934 2119 938 2123 .
975 2078 1042 2125 Ad
1073 2090 1258 2138 nequam
1291 2090 1345 2120 ne
1379 2074 1620 2133 accesseris.

970 2150 1167 2205 Mundus
1185 2162 1307 2207 esto.

934 2265 940 2273 .
974 2226 1118 2272 Saluta
1150 2226 1342 2272 libenter.

975 2301 1131 2354 Maiori
1164 2297 1363 2345 concede.

932 2412 939 2419 .
976 2376 1276 2435 Magistratum
1308 2384 1464 2426 metue.

931 2487 938 2495 .
972 2447 1287 2495 Verecundiam
1319 2461 1453 2491 serva.

931 2560 938 2568 .
973 2524 1083 2568 Rern
1116 2534 1234 2568 tuam
1275 2520 1452 2566 custodi.

931 2634 939 2642 .
972 2584 1256 2657 Diligentiam
1287 2594 1450 2640 adhibe.
1505 2582 1512 2590 ’

933 2708 942 2716 .
975 2670 1197 2716 Familiam
1232 2685 1342 2714 cura.

932 2781 941 2792 .
975 2744 1192 2794 Mutuum,
1211 2744 1273 2790 da.

935 2856 943 2864 .
978 2819 1061 2865 Cui
1094 2818 1182 2877 des,
1215 2817 1374 2863 videto.

935 2930 943 2938 .
980 2893 1228 2938 Convivare
1261 2907 1369 2936 raro.

932 3000 941 3010 .
973 2964 1109 3020 Quod
1140 2964 1241 3009 satis
1273 2975 1352 3021 est,
1384 2963 1538 3009 dormi.

932 3075 941 3085 .
975 3039 1220 3098 Coniugem
1252 3054 1359 3082 ama.

932 3148 941 3158 .
974 3111 1273 3157 Iusiurandum
1307 3126 1441 3156 serva.

947 3236 952 3240 N
974 3186 1091 3230 Vino
1124 3197 1327 3244 tempera.

931 3294 939 3304 .
973 3259 1120 3319 Pugna
1152 3272 1231 3319 pro
1265 3259 1408 3318 patria.
