2573 3591
702 353 780 396 Nil
813 363 988 396 temere
1026 354 1153 397 uxori
1186 354 1240 397 de
1272 354 1409 398 servis
1441 353 1566 399 crede
1587 348 1820 414 ,querenti3

699 428 881 485 Semper
912 422 1030 470 enim
1063 427 1252 471 coniunx
1286 442 1474 482 servum,
1507 419 1637 487 quein
1671 426 1827 487 diligis,
1875 426 1985 472 odit.

1339 576 1376 618 9.

706 682 820 728 Cum
857 700 1038 730 moneas
1072 685 1258 744 aliquem
1293 700 1372 728 nec
1406 701 1451 728 se
1484 684 1592 729 velit
1623 684 1709 730 1116
1731 685 1915 743 moneri,
1948 674 1951 681 ὀ

703 757 745 801 Si
780 756 856 800 tibi
882 758 944 801 sit
977 773 1110 812 carus,
1145 757 1235 802 noli
1270 757 1476 802 desistere
1515 759 1693 817 coeptiS.

1332 904 1395 933 10.

688 1013 869 1057 'Contra
904 1014 1111 1058 verbosos
1144 1012 1233 1057 noli
1268 1013 1530 1058 contendere
1563 1014 1730 1058 verbis:

704 1087 860 1130 Sermo
894 1087 1016 1131 datur
1049 1088 1224 1139 cunctis,
1257 1087 1388 1130 :inimi
1422 1088 1629 1146 sapientia
1661 1087 1822 1146 paucis.

1338 1233 1400 1262 11.

708 1340 859 1398 Dilige
894 1342 953 1384 sic
988 1340 1110 1396 alios,
1145 1353 1190 1384 ut
1224 1341 1280 1385 sis
1315 1341 1389 1385 tibi
1425 1357 1546 1384 carus
1580 1341 1768 1394 amicus3

707 1415 777 1460 Sic
813 1414 948 1459 bonus
981 1426 1075 1458 esto
1111 1415 1246 1468 bonis,
1280 1431 1332 1459 ne
1367 1426 1408 1459 te
1443 1417 1554 1459 mala
1588 1413 1742 1459 damna
1775 1426 2020 1474 sequantur.

1336 1563 1399 1592 12.

715 1661 927 1703 Rumores
962 1676 1080 1712 cave,
1116 1677 1168 1704 ne
1205 1661 1374 1704 studeas
1411 1677 1552 1704 novus
1586 1672 1735 1704 auctor
1770 1659 1930 1712 haberi,

711 1734 823 1778 Nam
859 1734 1040 1778 tacuisse
1076 1747 1203 1778 nocet
1238 1734 1356 1790 nulli,
1390 1746 1518 1779 nocet
1552 1751 1647 1779 esse
1681 1734 1888 1778 locutum.

1340 1881 1403 1924 13.

715 1977 846 2034 Spem
883 1977 955 2020 tibi
992 1977 1171 2034 polliciti
1207 1989 1369 2020 certam
1404 1978 1658 2036 promittere
1691 1978 1807 2020 noli:

712 2051 822 2094 Rara
858 2049 963 2094 fides
999 2049 1096 2094 ideo
1132 2062 1209 2104 est,
1245 2050 1345 2111 quia
1378 2049 1504 2094 multi
1540 2049 1673 2094 multa
1707 2049 1951 2109 loquuntur.

1342 2199 1405 2241 14.

717 2295 830 2339 Cum
865 2306 906 2339 te
939 2295 1091 2355 aliquis
1125 2295 1278 2349 laudat,
1324 2295 1451 2339 iudex
1498 2307 1594 2339 tuus
1641 2310 1734 2339 esse
1781 2306 2027 2340 memento:

716 2369 817 2412 Plus
852 2369 946 2412 aliis
980 2369 1032 2413 de
1066 2382 1119 2421 te,
1154 2385 1284 2429 quam
1318 2380 1363 2412 tu
1398 2369 1485 2422 tibi,
1519 2368 1694 2413 credere
1726 2367 1829 2412 noli.

1342 2518 1408 2559 15.

718 2613 932 2657 Officium
965 2612 1139 2657 alterius
1174 2612 1321 2656 multis
1355 2627 1527 2657 narrare
1561 2622 1809 2666 mement03

718 2688 773 2730 At
807 2701 1101 2745 quaecumque
1135 2685 1228 2729 aliis
1261 2684 1525 2729 benefeceris
1554 2685 1656 2743 ipse,
1688 2683 1827 2728 sileto.

1346 2820 1411 2863 16.

718 2930 961 2976 Multorum
996 2946 1095 2974 cum
1131 2930 1238 2974 facta
1270 2946 1402 2974 senex
1436 2946 1484 2974 ac
1517 2929 1629 2974 dicta
1662 2928 1910 2987 reprendas,

717 3004 799 3049 Fac
834 3003 909 3048 tibi
942 3014 1201 3056 succurrant,
1234 3003 1401 3047 iuvenis
1435 3018 1544 3063 quae
1578 3002 1729 3047 feceris
1751 2998 1866 3061 ipse.

1348 3151 1412 3192 17.

718 3250 788 3293 Ne
822 3263 955 3298 cures,
993 3249 1027 3292 si
1062 3249 1156 3307 quis
1190 3248 1322 3292 tacito
1356 3261 1559 3291 sermone
1592 3246 1816 3306 loquatur;

720 3322 933 3366 Conscius
968 3325 1060 3381 ipse
1094 3321 1170 3366 sibi
1205 3321 1256 3367 de
1289 3337 1335 3365 se
1369 3332 1488 3380 putat
1521 3321 1667 3364 omnia
1700 3319 1794 3364 dici.
