2573 3591
421 547 448 553 Η
476 463 661 547 'peravit
706 484 929 547 Equidem,
964 497 1011 531 ut
1042 486 1280 534 sententiae
1301 485 1543 541 satisfieret,
1576 487 1740 532 conieci
1772 491 1824 539 tu
1854 500 2005 544 verus,
2015 414 2177 548 quoru

468 558 471 560 ’
475 558 685 646 ordine
709 569 980 605 commutato
1034 561 1222 620 primum
1276 565 1473 612 veruna,
1522 559 1679 604 deinde
1723 562 1812 604 hoc
1859 560 1964 622 iarn
1978 574 2005 605 a
2035 552 2245 615 librari&
2242 552 2350 621 '5⁹ss—

271 791 366 843 ‚et
365 780 454 826 {ibt
479 754 741 839 pronomina
773 748 900 838 saepe
932 794 1023 824 non
1055 791 1156 840 apto
1189 781 1288 826 loco
1327 780 1470 841 posita
1503 779 1793 837 inveniuntur,
1826 780 1879 826 de
1899 795 1984 841 qua
2005 794 2053 826 re
2070 755 2232 832 vide
2231 775 2241 781 ’

290 837 431 901 ratum
475 852 669 899 criticum
703 853 748 898 in
779 851 1039 900 editionibus
1084 853 1310 900 Hauthalii
1343 865 1386 899 et
1418 852 1667 898 Baehrensii
1710 853 1762 898 ad
1793 855 1827 898 I.
1864 867 1932 913 32,
1961 853 2013 899 IL
2036 866 2120 910 10,
2150 847 2241 908 Ν

231 981 244 995 x
279 985 282 987 ‚
437 907 601 972 Versus
633 926 764 973 alter:
797 930 992 983 captari:
1028 930 1099 983 A;
1119 930 1221 973 sed:
1249 932 1320 984 A;
1341 943 1443 972 nec:
1465 927 1653 972 correxit
1689 926 1901 983 Schenk13
1935 929 2109 975 noceri:
2139 926 2221 982 A;

278 998 487 1060 §tissime
508 998 727 1046 Baehrens
749 1015 829 1059 pro
862 1002 946 1044 sed
972 1002 1086 1045 velle
1116 1015 1274 1045 nocere
1305 1001 1472 1062 sempsit
1503 1003 1585 1045 sed
1612 1002 1726 1046 velle
1757 1003 1912 1045 cluere
1939 1001 1964 1046 i.
1997 1016 2036 1046 e.
2069 998 2213 1046 velle

291 1071 478 1133 gloriam
509 1071 710 1126 nancisci,
743 1071 861 1132 quod
892 1087 1001 1120 cum.
1015 1083 1192 1133 propter
1215 1073 1463 1119 obsoletum
1485 1073 1591 1119 illud
1612 1073 1804 1129 verbum,
1827 1085 1920 1119 tum
1943 1074 2133 1119 maxime
2154 1077 2237 1134 prss

226 1175 230 1205 3
260 1146 467 1190 -sensum'
498 1144 731 1189 absurdum
764 1144 1045 1189 reiiciendum
1078 1156 1153 1190 est.
2239 1186 2246 1199 ί

430 1216 587 1263 Sensus
633 1216 827 1263 distichi:
876 1215 1017 1262 »Cum
1062 1216 1241 1263 homine
1294 1230 1435 1265 astuto
1482 1219 1793 1265 commercium
1828 1218 1985 1264 habens
2017 1217 2110 1263 noli
2141 1227 2241 1281 te..j;

218 1308 223 1312 ·
251 1319 259 1331 ,-
284 1290 443 1350 plicem
486 1302 614 1350 atque
658 1291 873 1335 sincerum
917 1301 1155 1348 praestare3
1202 1307 1301 1336 nam
1344 1293 1520 1337 stultitia
1555 1304 1619 1337 est
1651 1292 1789 1336 malos
1834 1307 1921 1336 non
1954 1291 2154 1350 decipere
2197 1312 2240 1351 ¹¹.

270 1364 338 1408 'iis
370 1379 529 1409 nocere
561 1363 716 1408 velle«
754 1362 1020 1419 Quodcum
1054 1379 1077 1407 a
1111 1363 1351 1409 Christiana
1383 1365 1578 1411 doctrina
1611 1365 1801 1410 maxime
1823 1363 2088 1422 abhorreret,
2110 1379 2249 1409 oua*

239 1432 261 1485 f
283 1449 349 1484 est
380 1437 425 1483 in
459 1437 611 1484 ceteris
644 1436 871 1483 codicibus.
906 1435 1070 1483 Confer
1102 1437 1230 1483 etiam
1265 1437 1338 1484 IV.
1376 1453 1455 1498 34:

430 1511 595 1556 Contra
627 1512 853 1556 hominem
887 1515 1059 1557 rustum
1079 1523 1222 1568 prave
1254 1513 1519 1559 contendere
1552 1513 1662 1570 noli,
2306 1556 2310 1561 .

574 1596 620 1631 ut
652 1584 810 1641 videas,
854 1585 1129 1647 antiquorum
1163 1585 1216 1632 de
1248 1586 1448 1632 amicitiis
1481 1586 1804 1648 inimicitiisque
1849 1587 2122 1641 sententiam,
2155 1582 2297 1632 scili

283 1673 358 1718 par
389 1659 479 1718 pari
512 1674 605 1703 esse
637 1658 922 1713 referendum,
954 1675 976 1703 a
1010 1659 1178 1704 Catone
1211 1661 1439 1705 observari
2286 1645 2315 1668 ‘³

433 1746 502 1779 10.
533 1734 627 1778 vc‘s:
660 1733 723 1787 A;
755 1735 884 1778 velis:
918 1733 1100 1778 coniecit
1130 1733 1317 1779 Schenkl
1334 1753 1344 1786 ;
1379 1734 1576 1779 lacunam
1607 1733 1792 1779 Schenkl
1817 1734 1899 1778 hoc
1922 1733 2087 1780 modo:

574 1867 709 1923 Quod
742 1863 933 1912 tacitum'
951 1883 1043 1913 esse
1075 1870 1201 1924 velis,
1232 1870 1335 1912 aliis
1366 1874 1417 1913 tu
1451 1868 1593 1914 dicere
1626 1868 1728 1921 noli,

429 2002 642 2048 Baehrens
675 2015 842 2047 autem:

573 2137 707 2193 Quod
740 2137 916 2182 tacitum
950 2153 1043 2182 esse
1076 2140 1200 2192 velis,
1232 2138 1425 2182 verbosis
1458 2137 1600 2182 dicere
1634 2137 1724 2181 noli

426 2272 643 2331 corrigere
688 2284 814 2332 atque
847 2271 1044 2331 supplere
1094 2241 1333 2315 voluerunt
1365 2271 1463 2314 Nos
1496 2272 1539 2315 in
1572 2271 1846 2316 coniiciendo
1881 2271 2203 2326 modestiores,
2202 2268 2323 2341 ι,1111111

281 2357 410 2404 poeta
442 2357 537 2389 toto
571 2345 756 2389 disticho
791 2345 947 2390 dicere
968 2344 1168 2398 voluerit,
1200 2361 1223 2388 e
1256 2343 1514 2388 testimoniis
1547 2356 1746 2388 veterum
1779 2360 1930 2390 eruere
1973 2345 2075 2390 satis
2099 2341 2325 2397 habemus.

260 2407 394 2464 Χ18111111
447 2418 483 2463 si
537 2434 837 2478 comparamus
891 2429 988 2463 cum
1043 2417 1283 2478 fragmento
1336 2427 1486 2462 nostro
1540 2417 1772 2463 sententias
1825 2417 2010 2463 Publilio
2055 2417 2170 2477 Syro
2203 2416 2321 2469 falso

279 2483 1147 2538 tributas:
1192 2534 1198 2538 ,

373 2565 559 2621 ·Quod
605 2566 780 2611 taciturn
825 2549 918 2611 esse
951 2565 1029 2621 vis,
1060 2565 1237 2610 nemini
1270 2564 1438 2620 dixeris,
1484 2565 1583 2625 quIa
1615 2581 1704 2610 non
1736 2565 1900 2624 poteris
1934 2564 1985 2610 ab
2018 2564 2108 2610 alio
2143 2551 2320 2626 exigere
2350 2555 2376 2597 *⁶³

278 2639 511 2694 silentium,
543 2640 578 2684 si
610 2640 687 2684 tibi
719 2642 811 2699 ipse
843 2655 932 2684 non
962 2650 1151 2723 praestas
1183 2638 1318 2699 (apud
1351 2638 1670 2684 Woelfflinium
1703 2655 1742 2698 p.
1782 2652 1859 2683 101
1868 2638 1930 2700 .);
2328 2644 2331 2647 ’

423 2712 560 2769 Quod
593 2729 686 2758 esse
719 2714 896 2758 tacitum
929 2713 1008 2768 vis,
1041 2712 1085 2759 id
1117 2712 1219 2757 nulli
1254 2712 1423 2767 dixeris,
1445 2711 1629 2772 (ibidem
1662 2728 1701 2770 p.
1741 2711 1873 2772 132);
1897 2723 1952 2767 et,
1974 2727 2083 2771 quae
2107 2712 2337 2769 dicuntur,¹
2374 2737 2379 2741 «

279 2787 532 2832 Proverbla
565 2788 786 2831 Senecae:

394 2884 401 2899 2
425 2858 559 2913 Quod
592 2860 770 2906 tacitum
802 2860 910 2904 velis
942 2876 1047 2914 esse,
1080 2859 1243 2903 nemini
1289 2858 1458 2903 dixeris.
1506 2858 1551 2902 Si
1584 2858 1659 2901 tibi
1692 2859 1773 2917 ipsi
1808 2873 1896 2906 non
1931 2859 2166 2917 imperasti,
2200 2874 2316 2918 quo-

277 2932 412 2976 modo
445 2931 495 2976 ab
524 2932 632 2976 aliis
644 2932 875 2980 :silentium
906 2948 1052 2991 speras
1085 2931 1195 2991 (ibid
1227 2948 1265 2990 p.
1304 2931 1431 2990 137),
2076 2972 2081 2974 .
2366 2977 2368 2979 ,

423 3020 595 3052 versus.
606 3003 782 3052 Catonis
814 3022 869 3052 ex
900 3005 1121 3052 communi
1154 3020 1251 3050 cum
1284 3003 1348 3050 his
1381 3004 1501 3050 fonte
1536 3020 1729 3051 manasse
1752 3003 2055 3065 eiusdemque
2066 3019 2159 3055 esse
2181 3019 2308 3065 argu·

269 3060 424 3124 ,menti
447 3090 609 3138 sponte
635 3090 2372 3139 apparet..

431 3165 493 3195 11.
526 3153 629 3195 Hoc
673 3151 887 3197 distichon
931 3153 1118 3212 primum
1151 3151 1388 3195 Scriverius
1435 3151 1566 3195 edidit
1599 3151 1641 3195 in
1676 3151 1769 3195 libri
1803 3151 1917 3195 tertii
1951 3151 2077 3194 initio
2111 3167 2135 3195 e
2167 3150 2316 3236 codiee

194 3223 196 3225 ’
232 3246 234 3249 v
276 3237 390 3268 nunc
421 3223 672 3283 incognito:

420 3295 635 3347 Fortunae
667 3299 842 3343 damnis
873 3313 1044 3358 semper
1070 3304 1238 3357 parere
1269 3308 1503 3343 memento.
